@book{adams1979,
	title = {The Hitchhiker's Guide to the Galaxy}, 
	author = {Douglas Adams}, 
	year = 1979,
	publisher = {Pan Books},
}